@book{wolsey1998integer,
  title={Integer programming},
  author={Wolsey, Laurence A},
  volume={42},
  year={1998},
  publisher={Wiley New York}
}
